% ---------------------------------------------------------------------------- %
% [Arge] Extract of paper presented at ISAAC'95
% ---------------------------------------------------------------------------- %
@InProceedings{Arge95,
  author = {Arge, Lars},
  title = {The I/O-complexity of Ordered Binary-Decision Diagram Manipulation},
  booktitle = {Proceedings of International Symposium on Algorithms and Computations, ISAAC'95},
  year = 1995,
  pages = {82 -- 91},
}

% ---------------------------------------------------------------------------- %
% [Arge] OBBD Paper in PhD Thesis
% ---------------------------------------------------------------------------- %
@InCollection{Arge96,
  author = {Arge, Lars},
  title = {The I/O-complexity of Ordered Binary-Decision Diagram Manipulation},
  booktitle = {Efficient External-Memory Data Structures and Applications},
  pages = {123 -- 145},
  year = 1996,
  Month = 08,
}

% ---------------------------------------------------------------------------- %
% [Arge] Paper with overview of datastructures; including priority queues
% ---------------------------------------------------------------------------- %
@InProceedings{Arge04,
  title = {External Geometric Data Structures},
  author = {Arge, Lars},
  year = 2004,
  month = 08,
}

% ---------------------------------------------------------------------------- %
% [Bryant] The original paper introducing OBBDs and the reduction rules
% ---------------------------------------------------------------------------- %
@Article{Bryant86,
  title={Graph-Based Algorithms for Boolean Function Manipulation},
  author={Bryant, Randal E.},
  year={1986},
  journal={IEEE Transactions on Computers},
  volume={C-35},
  number={8},
  pages={677-691},
}